@manual{Xilinx2017,
	title  = "Reduce Power and Cost by Converting from Floating Point to Fixed Point",
	author = {Finnerty, Ambrose and Ratigner,Hervé},
	url    = "https://www.xilinx.com/support/documentation/white_papers/wp491-floating-to-fixed-point.pdf",
	year   = "2017 (accessed March 17, 2020)"
}
@manual{Nips2015,
	title  = "High-Performance Hardware for Machine Learning",
	author = {Dally, William},
	url    = "https://media.nips.cc/Conferences/2015/tutorialslides/Dally-NIPS-Tutorial-2015.pdf",
	year   = "2015 (accessed March 17, 2020)"
}
@manual{Ieee754,
	title  = "IEEE 754",
	author = {Wikipedia},
	url    = "https://en.wikipedia.org/wiki/IEEE_754",
	year   = "2020 (accessed March 17, 2020)"
}
@manual{Yates2007,
	title  = "Fixed-Point Arithmetic: An Introduction",
	author = {Yates, Randy},
	url    = "https://courses.cs.washington.edu/courses/cse467/08au/labs/l5/fp.pdf",
	year   = "2007 (accessed March 17, 2020)"
}
@INPROCEEDINGS{Horowitz2014,
	author={M. {Horowitz}},
	booktitle={2014 IEEE International Solid-State Circuits Conference Digest of Technical Papers (ISSCC)},
	title={1.1 Computing's energy problem (and what we can do about it)},
	year={2014},
	volume={},
	number={},
	pages={10-14},
	keywords={performance evaluation;power aware computing;search engines;innovative computing devices;compute engines;computing performance;transistors;power;voltage scaling;CMOS integrated circuits;Hardware;Transistors;Voltage control;CMOS technology;Energy efficiency;Logic gates},
	doi={10.1109/ISSCC.2014.6757323},
	ISSN={2376-8606},
	month={Feb},}
@article{Goddeke2007,
	author = { Dominik   Göddeke  and  Robert   Strzodka  and  Stefan   Turek },
	title = {Performance and accuracy of hardware-oriented native-, emulated- and mixed-precision solvers in FEM simulations},
	journal = {International Journal of Parallel, Emergent and Distributed Systems},
	volume = {22},
	number = {4},
	pages = {221-256},
	year  = {2007},
	publisher = {Taylor & Francis},
	doi = {10.1080/17445760601122076},
	
	URL = { 
	https://doi.org/10.1080/17445760601122076
	
	},
	eprint = { 
	https://doi.org/10.1080/17445760601122076
	}
}
@article{Baboulin2009,
	TITLE = {{Accelerating scientific computations with mixed precision algorithms}},
	AUTHOR = {Baboulin, Marc and Buttari, Alfredo and Dongarra, Jack J. and Kurzak, Jakub and Langou, Julie and Langou, Julien and Luszczek, Piotr and Tomov, Stanimire},
	URL = {https://hal.archives-ouvertes.fr/hal-02420940},
	JOURNAL = {{Computer Physics Communications}},
	PUBLISHER = {{Elsevier}},
	VOLUME = {180},
	NUMBER = {12},
	PAGES = {2526-2533},
	YEAR = {2009},
	MONTH = Dec,
	DOI = {10.1016/j.cpc.2008.11.005},
	HAL_ID = {hal-02420940},
	HAL_VERSION = {v1},
}
@inproceedings{Strzodka2006,
	author       = {Robert Strzodka and Dominik G{\"o}ddeke},
	title        = {Pipelined Mixed Precision Algorithms on {FPGAs} for Fast and Accurate {PDE} Solvers from Low Precision Components},
	booktitle    = {IEEE Symposium on Field-Programmable Custom Computing Machines ({FCCM} 2006)},
	pages        = {259--268},
	year         = {2006},
	month        = apr,   
}
@article{Sun2008,
	author = {Sun, Junqing and Peterson, Gregory D. and Storaasli, Olaf O.},
	title = {High-Performance Mixed-Precision Linear Solver for FPGAs},
	year = {2008},
	issue_date = {December 2008},
	publisher = {IEEE Computer Society},
	address = {USA},
	volume = {57},
	number = {12},
	issn = {0018-9340},
	url = {https://doi.org/10.1109/TC.2008.89},
	doi = {10.1109/TC.2008.89},
	journal = {IEEE Trans. Comput.},
	month = dec,
	pages = {1614–1623},
	numpages = {10},
	keywords = {Cost/performance, Multiple precision arithmetic, VLSI, Computer arithmetic, mixed precision arithmetic in reconfigurable computing}
}

@inproceedings{Rubio2013,
	author    = {Cindy Rubio{-}Gonz{\'{a}}lez and
	Cuong Nguyen and
	Hong Diep Nguyen and
	James Demmel and
	William Kahan and
	Koushik Sen and
	David H. Bailey and
	Costin Iancu and
	David Hough},
	editor    = {William Gropp and
	Satoshi Matsuoka},
	title     = {Precimonious: tuning assistant for floating-point precision},
	booktitle = {International Conference for High Performance Computing, Networking,
	Storage and Analysis, SC'13, Denver, CO, {USA} - November 17 - 21,
	2013},
	pages     = {27:1--27:12},
	publisher = {{ACM}},
	year      = {2013},
	url       = {https://doi.org/10.1145/2503210.2503296},
	doi       = {10.1145/2503210.2503296},
	timestamp = {Wed, 16 Oct 2019 14:14:57 +0200},
	biburl    = {https://dblp.org/rec/conf/sc/Rubio-GonzalezNNDKSBIH13.bib},
	bibsource = {dblp computer science bibliography, https://dblp.org}
}
@inproceedings{Darulova2013,
	author = {Darulova, Eva and Kuncak, Viktor and Majumdar, Rupak and Saha, Indranil},
	title = {Synthesis of Fixed-Point Programs},
	year = {2013},
	isbn = {9781479914432},
	publisher = {IEEE Press},
	booktitle = {Proceedings of the Eleventh ACM International Conference on Embedded Software},
	articleno = {Article 22},
	numpages = {10},
	keywords = {embedded control software, fixed-point arithmetic, synthesis, genetic programming, stochastic optimization},
	location = {Montreal, Quebec, Canada},
	series = {EMSOFT ’13}
}
@inproceedings{Darulova2018,
	author = {Darulova, Eva and Horn, Einar and Sharma, Saksham},
	title = {Sound Mixed-Precision Optimization with Rewriting},
	year = {2018},
	isbn = {9781538653012},
	publisher = {IEEE Press},
	url = {https://doi.org/10.1109/ICCPS.2018.00028},
	doi = {10.1109/ICCPS.2018.00028},
	booktitle = {Proceedings of the 9th ACM/IEEE International Conference on Cyber-Physical Systems},
	pages = {208–219},
	numpages = {12},
	keywords = {rewriting, floating-point, mixed-precision, static analysis},
	location = {Porto, Portugal},
	series = {ICCPS ’18}
}
